@book{ra2017,
	author = {Rashi Singh},
	title = {haha},
	date = {24 march 2017},
}

@book{ra2018,
	author = {Rashi Singh},
	title = {haha},
	date = {24 march 2018},
}

@book{ra2019,
	author = {Rashi Singh},
	title = {haha},
	date = {24 march 2019},
}

@book{ra2020,
	author = {Rashi Singh},
	title = {haha},
	date = {24 march 2020},
}